@article{hermelin2013parameterized,
  title={Parameterized two-player Nash equilibrium},
  author={Hermelin, Danny and Huang, Chien-Chung and Kratsch, Stefan and Wahlstr{\"o}m, Magnus},
  journal={Algorithmica},
  volume={65},
  number={4},
  pages={802--816},
  year={2013},
  publisher={Springer}
}

@article{chen2009settling,
  title={Settling the complexity of computing two-player Nash equilibria},
  author={Chen, Xi and Deng, Xiaotie and Teng, Shang-Hua},
  journal={Journal of the ACM (JACM)},
  volume={56},
  number={3},
  pages={14},
  year={2009},
  publisher={ACM}
}

@article{abbot2004algorithms,
  title={On algorithms for nash equilibria},
  author={Abbot, Tim and Kane, Daniel and Valiant, Paul},
  journal={Unpublished manuscript available at http://web. mit. edu/tabbott/Public/final. pdf},
  year={2004}
}

@article{thomas2015pure,
  title={Pure Nash Equilibria in Graphical Games and Treewidth},
  author={Thomas, Antonis and van Leeuwen, Jan},
  journal={Algorithmica},
  volume={71},
  number={3},
  pages={581--604},
  year={2015},
  publisher={Springer}
}

@article{daskalakis2009complexity,
  title={The complexity of computing a Nash equilibrium},
  author={Daskalakis, Constantinos and Goldberg, Paul W and Papadimitriou, Christos H},
  journal={SIAM Journal on Computing},
  volume={39},
  number={1},
  pages={195--259},
  year={2009},
  publisher={SIAM}
}

@book{nisan2007algorithmic,
  title={Algorithmic game theory},
  author={Nisan, Noam and Roughgarden, Tim and Tardos, Eva and Vazirani, Vijay V},
  volume={1},
  year={2007},
  publisher={Cambridge University Press Cambridge}
}

@inproceedings{papadimitriou2001algorithms,
  title={Algorithms, games, and the internet},
  author={Papadimitriou, Christos},
  booktitle={Proceedings of the thirty-third annual ACM symposium on Theory of 

computing},
  pages={749--753},
  year={2001},
  organization={ACM}
}

@inproceedings{goldberg2006reducibility,
  title={Reducibility among equilibrium problems},
  author={Goldberg, Paul W and Papadimitriou, Christos H},
  booktitle={Proceedings of the thirty-eighth annual ACM symposium on Theory of 

computing},
  pages={61--70},
  year={2006},
  organization={ACM}
}


@inproceedings{daskalakis2005three,
  title={Three-player games are hard},
  author={Daskalakis, Constantinos and Papadimitriou, Christos H},
  booktitle={Electronic colloquium on computational complexity},
  volume={139},
  pages={81--87},
  year={2005}
}

@inproceedings{chen20053,
  title={3-Nash is PPAD-complete},
  author={Chen, Xi and Deng, Xiaotie},
  booktitle={Electronic Colloquium on Computational Complexity},
  volume={134},
  year={2005},
  organization={Citeseer}
}

@inproceedings{chen2006settling,
  title={Settling the complexity of two-player Nash equilibrium},
  author={Chen, Xi and Deng, Xiaotie},
  booktitle={Foundations of Computer Science, 2006. FOCS'06. 47th Annual IEEE 

Symposium on},
  pages={261--272},
  year={2006},
  organization={IEEE}
}


@article{bosse2007new,
  title={New algorithms for approximate Nash equilibria in bimatrix games},
  author={Bosse, Hartwig and Byrka, Jaroslaw and Markakis, Evangelos},
  journal={Internet and Network Economics},
  pages={17--29},
  year={2007},
  publisher={Springer}
}

@inproceedings{chen2006computing,
  title={Computing Nash equilibria: Approximation and smoothed complexity},
  author={Chen, Xi and Deng, Xiaotie and Teng, Shang-Hua},
  booktitle={Foundations of Computer Science, 2006. FOCS'06. 47th Annual IEEE 

Symposium on},
  pages={603--612},
  year={2006},
  organization={IEEE}
}


@inproceedings{chen2006sparse,
  title={Sparse games are hard},
  author={Chen, Xi and Deng, Xiaotie and Teng, Shang-Hua},
  booktitle={WINE},
  volume={4286},
  pages={262--273},
  year={2006},
  organization={Springer}
}

@inproceedings{chen2007approximation,
  title={The approximation complexity of win-lose games},
  author={Chen, Xi and Teng, Shang-Hua and Valiant, Paul},
  booktitle={SODA},
  volume={7},
  pages={159--168},
  year={2007}
}


@inproceedings{daskalakis2007progress,
  title={Progress in approximate Nash equilibria},
  author={Daskalakis, Constantinos and Mehta, Aranyak and Papadimitriou, 

Christos},
  booktitle={Proceedings of the 8th ACM conference on Electronic commerce},
  pages={355--358},
  year={2007},
  organization={ACM}
}

@inproceedings{daskalakis2006note,
  title={A note on approximate Nash equilibria},
  author={Daskalakis, Constantinos and Mehta, Aranyak and Papadimitriou, 

Christos},
  booktitle={WINE},
  volume={6},
  pages={297--306},
  year={2006},
  organization={Springer}
}


@inproceedings{lipton2003playing,
  title={Playing large games using simple strategies},
  author={Lipton, Richard J and Markakis, Evangelos and Mehta, Aranyak},
  booktitle={Proceedings of the 4th ACM conference on Electronic commerce},
  pages={36--41},
  year={2003},
  organization={ACM}
}

@article{addario2007polynomial,
  title={A Polynomial Time Algorithm for Finding Nash Equilibria in Planar 

Win-Lose Games.},
  author={Addario-Berry, Louigi and Olver, Neil and Vetta, Adrian},
  journal={J. Graph Algorithms Appl.},
  volume={11},
  number={1},
  pages={309--319},
  year={2007}
}

@inproceedings{codenotti2006efficient,
  title={Efficient computation of nash equilibria for very sparse win-lose 

bimatrix games},
  author={Codenotti, Bruno and Leoncini, Mauro and Resta, Giovanni},
  booktitle={ESA},
  volume={4168},
  pages={232--243},
  year={2006},
  organization={Springer}
}

@article{kalyanaraman2007algorithms,
  title={Algorithms for playing games with limited randomness},
  author={Kalyanaraman, Shankar and Umans, Christopher},
  journal={Algorithms--ESA 2007},
  pages={323--334},
  year={2007},
  publisher={Springer}
}


@book{nisan2007algorithmic,
  title={Algorithmic game theory},
  author={Nisan, Noam and Roughgarden, Tim and Tardos, Eva and Vazirani, Vijay 

V},
  volume={1},
  year={2007},
  publisher={Cambridge University Press Cambridge}
}


@inproceedings{estivill2009computing,
  title={Computing Nash equilibria gets harder: new results show hardness even 

for parameterized complexity},
  author={Estivill-Castro, Vladimir and Parsa, Mahdi},
  booktitle={Proceedings of the Fifteenth Australasian Symposium on Computing: 

The Australasian Theory-Volume 94},
  pages={83--90},
  year={2009},
  organization={Australian Computer Society, Inc.}
}

@inproceedings{chen2004tight,
  title={Tight lower bounds for certain parameterized NP-hard problems},
  author={Chen, Jianer and Chor, Benny and Fellows, Mike and Huang, Xiuzhen and 

Juedes, David and Kanj, Iyad and Xia, Ge},
  booktitle={Computational Complexity, 2004. Proceedings. 19th IEEE Annual 

Conference on},
  pages={150--160},
  year={2004},
  organization={IEEE}
}

@inproceedings{daskalakis2009oblivious,
  title={On oblivious PTAS's for nash equilibrium},
  author={Daskalakis, Constantinos and Papadimitriou, Christos H},
  booktitle={Proceedings of the forty-first annual ACM symposium on Theory of computing},
  pages={75--84},
  year={2009},
  organization={ACM}
}